@manual{sagemath,
  Key          = {SageMath},
  Author       = {{Sage Developers}},
  shorthand    = {Sage},
  Title        = {{S}ageMath, the {S}age {M}athematics {S}oftware {S}ystem ({V}ersion 8.2)},
  note         = {{\tt http://www.sagemath.org}},
  Year         = {2018},
}

@article {pierre2000,
    AUTHOR = {Parent, Pierre},
     TITLE = {Torsion des courbes elliptiques sur les corps cubiques},
   JOURNAL = {Ann. Inst. Fourier (Grenoble)},
  FJOURNAL = {Universit\'{e} de Grenoble. Annales de l'Institut Fourier},
    VOLUME = {50},
      YEAR = {2000},
    NUMBER = {3},
     PAGES = {723--749},
      ISSN = {0373-0956},
   MRCLASS = {11G05 (11G40)},
  MRNUMBER = {1779891},
MRREVIEWER = {Alain Kraus},
       URL = {http://www.numdam.org/item?id=AIF_2000__50_3_723_0},
}

@incollection {poonen12,
    AUTHOR = {McCallum, William and Poonen, Bjorn},
     TITLE = {The method of {C}habauty and {C}oleman},
 BOOKTITLE = {Explicit methods in number theory},
    SERIES = {Panor. Synth\`eses},
    VOLUME = {36},
     PAGES = {99--117},
 PUBLISHER = {Soc. Math. France, Paris},
      YEAR = {2012},
   MRCLASS = {11G30 (14G05 14K20)},
  MRNUMBER = {3098132},
MRREVIEWER = {Jan Steffen M\"{u}ller},
}

@misc{mascot2018,
    title={Hensel-lifting torsion points on Jacobians and Galois representations},
    author={Nicolas Mascot},
    year={2018},
    eprint={1808.03939},
    archivePrefix={arXiv},
    primaryClass={math.NT}
}

@book {ega, AUTHOR = {Grothendieck, A. and Dieudonn\'{e}, J. A.}, TITLE = {El\'{e}ments de g\'{e}om\'{e}trie alg\'{e}brique. {I}}, SERIES = {Grundlehren der Mathematischen Wissenschaften [Fundamental Principles of Mathematical Sciences]}, VOLUME = {166}, PUBLISHER = {Springer-Verlag, Berlin}, YEAR = {1971}, PAGES = {ix+466}, ISBN = {3-540-05113-9; 0-387-05113-9}, MRCLASS = {14-02 (14A15 14F05)}, MRNUMBER = {3075000},}

@article {makdisi04,
    AUTHOR = {Khuri-Makdisi, Kamal},
     TITLE = {Linear algebra algorithms for divisors on an algebraic curve},
   JOURNAL = {Math. Comp.},
  FJOURNAL = {Mathematics of Computation},
    VOLUME = {73},
      YEAR = {2004},
    NUMBER = {245},
     PAGES = {333--357},
      ISSN = {0025-5718},
   MRCLASS = {14Q05 (11G20 11Y16 14H40)},
  MRNUMBER = {2034126},
MRREVIEWER = {Steven D. Galbraith},
       DOI = {10.1090/S0025-5718-03-01567-9},
       URL = {https://doi.org/10.1090/S0025-5718-03-01567-9},
}

@misc{edixhoven20,
    title={Geometric quadratic Chabauty},
    author={Bas Edixhoven and Guido Lido},
    year={2019},
    eprint={1910.10752},
    archivePrefix={arXiv},
    primaryClass={math.AG}
}

@article{honda70,
author = "HONDA, Taira",
doi = "10.2969/jmsj/02220213",
fjournal = "Journal of the Mathematical Society of Japan",
journal = "J. Math. Soc. Japan",
month = "04",
number = "2",
pages = "213--246",
publisher = "Mathematical Society of Japan",
title = "On the theory of commutative formal groups",
url = "https://doi.org/10.2969/jmsj/02220213",
volume = "22",
year = "1970"
}

@book {BourbakiCA, AUTHOR = {Bourbaki, Nicolas}, TITLE = {Commutative algebra. {C}hapters 1--7}, SERIES = {Elements of Mathematics (Berlin)}, NOTE = {Translated from the French, Reprint of the 1989 English translation}, PUBLISHER = {Springer-Verlag, Berlin}, YEAR = {1998}, PAGES = {xxiv+625}, ISBN = {3-540-64239-0}, MRCLASS = {13-XX (00A05)}, MRNUMBER = {1727221},}

@InProceedings{Balakrishnan19,
author="Balakrishnan, Jennifer S.
and Bianchi, Francesca
and Cantoral-Farf{\'a}n, Victoria
and {\c{C}}iperiani, Mirela
and Etropolski, Anastassia",
editor="Balakrishnan, Jennifer S.
and Folsom, Amanda
and Lal{\'i}n, Matilde
and Manes, Michelle",
title="Chabauty--Coleman Experiments for Genus 3 Hyperelliptic Curves",
booktitle="Research Directions in Number Theory",
year="2019",
publisher="Springer International Publishing",
address="Cham",
pages="67--90",
isbn="978-3-030-19478-9"
}

@misc{hashimoto20,
  title = {A cartoon guide to finding Q-points using geometric quadratic Chabauty},
  howpublished = {\url{http://math.bu.edu/people/svh/cartoonguide.pdf}},
  note = {Accessed: 03-04-2020}
}

@article {stoll10,
    AUTHOR = {Bruin, Nils and Stoll, Michael},
     TITLE = {The {M}ordell-{W}eil sieve: proving non-existence of rational
              points on curves},
   JOURNAL = {LMS J. Comput. Math.},
  FJOURNAL = {LMS Journal of Computation and Mathematics},
    VOLUME = {13},
      YEAR = {2010},
     PAGES = {272--306},
   MRCLASS = {11G30 (11Y50 14G05)},
  MRNUMBER = {2685127},
MRREVIEWER = {Szabolcs Tengely},
       DOI = {10.1112/S1461157009000187},
       URL = {https://doi-org.ezproxy.leidenuniv.nl:2443/10.1112/S1461157009000187},
}

@book {hartshorne,
    AUTHOR = {Hartshorne, Robin},
     TITLE = {Algebraic geometry},
      NOTE = {Graduate Texts in Mathematics, No. 52},
 PUBLISHER = {Springer-Verlag, New York-Heidelberg},
      YEAR = {1977},
     PAGES = {xvi+496},
      ISBN = {0-387-90244-9},
   MRCLASS = {14-01},
  MRNUMBER = {0463157},
MRREVIEWER = {Robert Speiser},
}
